% This file was created with JabRef 2.6.
% Encoding: Cp1252

@MISC{AgileAlliance,
  author = {AgileAlliance},
  title = {the agile manifesto},
  howpublished = {http://www.agilealliance.org/the-alliance/the-agile-manifesto/},
  year = {2001},
  owner = {renato},
  timestamp = {2010.11.09}
}

@BOOK{Hounshell1984,
  title = {{From the American system to mass production, 1800-1932: the development
	of manufacturing technology in the United States}},
  publisher = {Johns Hopkins University Press},
  year = {1984},
  author = {Hounshell, D.A.},
  series = {Studies in industry and society},
  __markedentry = {[renato]},
  isbn = {9780801829758},
  lccn = {lc83016269},
  owner = {renato},
  timestamp = {2010.10.28},
  url = {http://books.google.com/books?id=WupTAAAAMAAJ}
}

@MISC{RUP2005,
  author = {IBM},
  title = {Rational Unified Process},
  howpublished = {http://www.wthreex.com/rup/portugues/index.htm},
  note = {Versão 2002.05.00},
  owner = {renato},
  timestamp = {2010.11.02}
}

@BOOK{saxpftt,
  title = {Scrum and XP from the Trenches},
  publisher = {InfoQ},
  year = {2007},
  author = {Henrik Kniberg},
  abstract = {This book aims to give you a head start by providing a detailed down-to-earth
	account of how one Swedish company implemented Scrum and XP with
	a team of approximately 40 people and how they continuously improved
	their process over a year's time.},
  added-at = {2008-06-26T12:31:59.000+0200},
  bibsonomyusername = {cschenk},
  biburl = {http://www.bibsonomy.org/bibtex/2adc29f069ee959c51f26683bba158578/cschenk},
  interhash = {07ab6a7cd9d4aecff04afedcbbcd4e87},
  intrahash = {adc29f069ee959c51f26683bba158578},
  keywords = {book extreme programming scrum toread trenches xp},
  url = {http://www.infoq.com/minibooks/scrum-xp-from-the-trenches}
}

@BOOK{agileBook,
  title = {Agile and Iterative Development: A Manager's Guide},
  publisher = {Pearson Education},
  year = {2003},
  author = {Larman, Craig},
  isbn = {0131111558},
  owner = {renato},
  timestamp = {2010.10.23}
}

@ARTICLE{IIDbrief,
  author = {C. Larman and V.R. Basili},
  title = {Iterative and Incremental Development: A Brief History},
  journal = {IEEE Computer},
  year = {2003},
  volume = {36},
  pages = {47-56},
  number = {6},
  added-at = {2006-06-27T01:18:58.000+0200},
  biburl = {http://www.bibsonomy.org/bibtex/26ebe04a0bf82c79fcd9e0cba467365db/mstrohm},
  interhash = {69f5c60c31de360a1d324eac473d91a2},
  intrahash = {6ebe04a0bf82c79fcd9e0cba467365db},
  keywords = {requirements-engineering},
  owner = {renato},
  status = {vorhanden (in elektronischer Form)},
  timestamp = {2010.11.01}
}

@ARTICLE{fakeit,
  author = {Parnas, D L and Clements, P C},
  title = {A rational design process: How and why to fake it},
  journal = {IEEE Trans. Softw. Eng.},
  year = {1986},
  volume = {12},
  pages = {251--257},
  number = {2},
  address = {Piscataway, NJ, USA},
  issn = {0098-5589},
  owner = {lida},
  publisher = {IEEE Press},
  timestamp = {2010.10.30}
}

@MANUAL{scrumTutorial,
  title = {SCRUM Experience (O tutorial SCRUM)},
  author = {Rildo F. Santos},
  address = {http://rildosan.blogspot.com/2009/06/scrum-experience-o-tutorial-scrum.html},
  edition = {1.6},
  month = {06},
  year = {2009},
  owner = {renato},
  timestamp = {2010.11.13}
}

@BOOK{AgileMS,
  title = {{Agile Project Management with Scrum (Microsoft Professional)}},
  publisher = {Microsoft Press},
  year = {2004},
  author = {Schwaber, Ken},
  edition = {1},
  month = {February},
  abstract = {{Apply the principles of Scrum, one of the most popular agile programming
	methods, to software project management\&\#151;and focus your team
	on delivering real business value. Author Ken Schwaber, a leader
	in the agile process movement and a co-creator of Scrum, brings his
	vast expertise to helping you guide the product and software development
	process more effectively and efficiently. Help eliminate the ambiguity
	into which so many software projects are borne, where vision and
	planning documents are essentially thrown over the wall to developers.
	This high-level reference describes how to use Scrum to manage complex
	technology projects in detail, combining expert insights with examples
	and case studies based on Scrum. Emphasizing practice over theory,
	this book explores every aspect of using Scrum, focusing on driving
	projects for maximum return on investment.}},
  citeulike-article-id = {1532463},
  citeulike-linkout-0 = {http://www.amazon.ca/exec/obidos/redirect?tag=citeulike09-20\&amp;path=ASIN/073561993X},
  citeulike-linkout-1 = {http://www.amazon.de/exec/obidos/redirect?tag=citeulike01-21\&amp;path=ASIN/073561993X},
  citeulike-linkout-2 = {http://www.amazon.fr/exec/obidos/redirect?tag=citeulike06-21\&amp;path=ASIN/073561993X},
  citeulike-linkout-3 = {http://www.amazon.jp/exec/obidos/ASIN/073561993X},
  citeulike-linkout-4 = {http://www.amazon.co.uk/exec/obidos/ASIN/073561993X/citeulike00-21},
  citeulike-linkout-5 = {http://www.amazon.com/exec/obidos/redirect?tag=citeulike07-20\&path=ASIN/073561993X},
  citeulike-linkout-6 = {http://www.worldcat.org/isbn/073561993X},
  citeulike-linkout-7 = {http://books.google.com/books?vid=ISBN073561993X},
  citeulike-linkout-8 = {http://www.amazon.com/gp/search?keywords=073561993X\&index=books\&linkCode=qs},
  citeulike-linkout-9 = {http://www.librarything.com/isbn/073561993X},
  day = {11},
  howpublished = {Paperback},
  isbn = {073561993X},
  keywords = {methoden},
  owner = {renato},
  posted-at = {2007-08-03 07:41:56},
  priority = {2},
  timestamp = {2010.11.13},
  url = {http://www.amazon.com/exec/obidos/redirect?tag=citeulike07-20\&path=ASIN/073561993X}
}

@BOOK{AgileScrum,
  title = {Agile Software Development with Scrum},
  publisher = {Prentice Hall PTR},
  year = {2001},
  author = {Schwaber, Ken and Beedle, Mike},
  address = {Upper Saddle River, NJ, USA},
  edition = {1st},
  isbn = {0130676349},
  owner = {renato},
  timestamp = {2010.11.12}
}

@BOOK{shewhart1986statistical,
  title = {{Statistical method from the viewpoint of quality control}},
  publisher = {{Dover Publications}},
  year = {1986},
  author = {{Shewhart, W. A.} and {Deming, W. E.}},
  abstract = {{Important text offers lucid explanation of how to regulate variables
	and maintain control over statistics in order to achieve quality
	control over manufactured products, crops and data. Topics include
	statistical control, establishing limits of variability, measurements
	of physical properties and constants, and specification of accuracy
	and precision.}},
  citeulike-article-id = {6348160},
  keywords = {{book, quality, stat}},
  owner = {renato},
  posted-at = {2009-12-10 13:53:15},
  priority = {2},
  timestamp = {2010.11.01}
}

@BOOK{blueBook,
  title = {{GSM}, {GPRS} and {EDGE} Performance},
  publisher = {John Wiley \& Sons},
  year = {2003},
  editor = {Halonen, T. and Romero, J. and Melero, J.},
  edition = {second},
  owner = {rapaiva},
  timestamp = {2010.01.22}
}

@BOOK{newBlueBook,
  title = {{GSM}/{EDGE}: Evolution and Performance},
  publisher = {John Wiley \& Sons},
  year = {2010},
  editor = {Saily, M. and Sebire, G. and Riddington, E. P. },
  owner = {lida},
  timestamp = {2010.07.08}
}

@comment{jabref-meta: selector_publisher:}

@comment{jabref-meta: selector_author:}

@comment{jabref-meta: selector_journal:}

@comment{jabref-meta: selector_keywords:}

